<?xml version="1.0" encoding="UTF-8"?><collection xmlns="http://www.loc.gov/MARC21/slim"><record><leader>00493nam--2200145-i-4500</leader><controlfield tag="001">000046020</controlfield><controlfield tag="002">20161230</controlfield><controlfield tag="005">20161230201045</controlfield><controlfield tag="008">060222s1000------------r-----000-0-eng-d</controlfield><datafield ind1=" " ind2=" " tag="080"><subfield code="a">621.039.341.6</subfield></datafield><datafield ind1=" " ind2=" " tag="100"><subfield code="a">Vasaru,Gh</subfield></datafield><datafield ind1=" " ind2=" " tag="245"><subfield code="a">The thermal diffusion column. theory and practice withlparticular emphasis on isotope separation</subfield></datafield><datafield ind1=" " ind2=" " tag="260"><subfield code="a">Berlin, Veb Deutscher Veb Deutscher Verlag Der Wissenschaften, 1969. 210 P</subfield></datafield><datafield ind1=" " ind2=" " tag="490"><subfield code="a">Physikalisch-chemische Trenn Und Messmethoden</subfield></datafield><datafield ind1=" " ind2=" " tag="852"><subfield code="a">31330</subfield></datafield></record></collection>